@misc{schneier,
	title = {Anonymity and the Internet},
	url = {http://www.schneier.com/blog/archives/2010/02/anonymity_and_t_3.html},
	author = {Bruce Schneier},
	year = {2010},
	note = {\\Letöltve: 2012. március 20.\\}
}
@misc{kaspersky,
	title = {Security boss calls for end to net anonymity},
	url = {http://www.theregister.co.uk/2009/10/16/kaspersky_rebukes_net_anonymity/},
	author = {Dan Goodin},
	year = {2009},
	note = {\\Letöltve: 2012. március 20.\\}
}
@misc{msdn_cookie,
	title = {Number and size limits of a cookie in Internet Explorer},
	year = {2007},
	url = {http://support.microsoft.com/kb/306070},
	note = {\\Letöltve: 2012. március 21.\\}
}
@misc{webstorage,
	title = {Web Storage},
	author= {Ian Hickson},
	url = {http://www.w3.org/TR/webstorage/},
	year = {2011},
	note = {\\Letöltve: 2012. március 16.\\}
}
@misc{mdn_indexeddb,
	title = {IndexedDB},
	year = {2012},
	url = {https://developer.mozilla.org/en/IndexedDB},
	note = {\\Letöltve: 2012. március 24.\\}
}
@misc{chrome_six_weeks,
	url = {http://blog.chromium.org/2010/07/release-early-release-often.html},
	year = {2010},
	author = {Anthony Laforge},
	title = {Release Early, Release Often},
	note = {\\Letöltve: 2012. március 1.\\}
}
@misc{mozilla_six_weeks,
	title = {Every Six Weeks},
	url = {https://blog.mozilla.com/futurereleases/2011/07/19/every-six-weeks/},
	year = {2011},
	author = {Johnathan Nightingale},
	note = {\\Letöltve: 2012. március 5.\\}
}
@misc{thn_sopa,
	url = {http://thehackernews.com/2011/12/tor-anonymity-will-become-illegal-with.html},
	year = {2011},
	title = {Tor anonymity will become illegal with SOPA acts?},
	note = {\\Letöltve: 2012. március 6.\\}
}
@misc{buhera_pwn2own_2009,
	url = {http://buhera.blog.hu/2009/03/19/pwn2own_mindenki_elhasalt},
	year = {2009},
	title = {Pwn2Own: Mindenki elhasalt},
	author = {Buherátor},
	note = {\\Letöltve: 2012. március 12.\\}
}
@misc{buhera_pwn2own_2010,
	url = {http://buhera.blog.hu/2010/03/25/pwn2own_2010},
	year = {2010},
	title = {Pwn2Own 2010},
	author = {Buherátor},
	note = {\\Letöltve: 2012. március 12.\\}
}
@misc{buhera_pwn2own_2011,
	url = {http://buhera.blog.hu/2011/03/12/pwn2own_osszefoglalo_2011},
	year = {2011},
	title = {Pwn2Own 2011. összefoglaló},
	author = {Buherátor},
	note = {\\Letöltve: 2012. március 12.\\}
}
@misc{buhera_pwn2own_2012,
	url = {http://buhera.blog.hu/2012/03/08/pwn2own_es_pwnium},
	year = {2012},
	title = {Pwn2Own és Pwnium},
	author = {Buherátor},
	note = {\\Letöltve: 2012. március 12.\\}
}
@misc{chrome_disabled_java,
	url = {http://support.google.com/chrome/bin/answer.py?hl=en&answer=1247383},
	year = {2011},
	title = {Blocked plug-ins},
	note = {\\Letöltve: 2012. március 16.\\}
}
@misc{chromium_sandbox,
	url = {http://dev.chromium.org/developers/design-documents/sandbox},
	title = {Sandbox},
	note = {\\Letöltve: 2012. március 21.\\}
}
@misc{safari_pornmode,
	url = {http://lifehacker.com/102146/safaris-private-porn-browsing-mode?tag=softwaremacosx},
	title = {Safari’s private (porn) browsing mode},
	year = {2004},
	note = {\\Letöltve: 2012. február 27.\\},
	author = {Gina Trapani}
}
@misc{css_history_hack,
	url = {http://jeremiahgrossman.blogspot.com/2006/08/i-know-where-youve-been.html},
	title = {I know where you've been},
	year = {2006},
	note = {\\Letöltve: 2012. február 22.\\},
	author = {Jeremiah Grossman}
}
@misc{thinkdigital_fb,
	url= {http://thinkdigital.hu/web/files/richeditor/filemanager/Specifikacio_2011-Q2_-_FACEBOOK.pdf},
	author = {ThinkDigital and Facebook},
	year = {2011},
	title = {HIRDETÉSI FELÜLETEK TECHNIKAI SPECIFIKÁCIÓJA},
	hyphenation={magyar},
	note = {\\Letöltve: 2012. február 22.\\},
}
@misc{fb_stat,
	url ={http://newsroom.fb.com/content/default.aspx?NewsAreaId=22},
	year = {2011},
	note = {\\Letöltve: 2012. március 20.\\},
	title = {Facebook Statistics}
}
@misc{newspaper_ad_revenue,
	url = {http://www.euractiv.com/innovation/eu-newspapers-record-worst-drop-ad-revenue/article-185349},
	title = {EU newspapers record worst-ever drop in ad revenue},
	year = {2009},
	note = {\\Letöltve: 2012. március 2.\\},
	hyphenation={english}	
}
@misc{google_on_safari,
	url = {http://www.bizjournals.com/sanjose/news/2012/02/17/google-facebook-others-spy-on-apple.html},
	title = {Google, others spy on Apple Safari users},
	year = {2012},
	note = {\\Letöltve: 2012. február 20.\\},
	author = {Cromwell Schubarth}
}
@misc{newspapers_go_to_paying_model,
	url = {http://www.poynter.org/latest-news/business-news/the-biz-blog/141628/9-reasons-newspapers-are-suddenly-asking-print-subscribers-to-pay-for-full-web-access/},
	title = {9 reasons newspapers are suddenly asking print subscribers to pay for full Web access},
	year = {2011},
	author = {Rick Edmonds},
	note = {\\Letöltve: 2012. február 23.\\},
	hyphenation={english}	
}
@misc{gplus_personal,
	url = {http://www.firstrate.co.nz/blog/google-plus-search-personalisation/},
	title = {Google+ Search Personalisation},
	year = {2012},
	author = {Andrey},
	note = {\\Letöltve: 2012. február 25.\\}
}
@misc{internet_penet,
	url = {http://nrc.hu/kutatas/internet_penetracio},
	title = {Internet penetrációs adatok},
	year = {2011},
	author = {NRC},
	note = {\\Letöltve: 2012. február 25.\\}
}
@misc{internet_time,
	url = {http://www.slideshare.net/rabbitblog/szonda-ipsos-2010re-megkerlhetetlen-presentation},
	author = {Szonda Ipsos},
	year = {2008},
	title = {Szonda Ipsos: 2010-re megkerülhetetlen!},
	pages = {4},
	note = {\\Letöltve: 2012. február 27.\\}
}

@article{mezei_1999,
	title = {Látszólagos analógia a történelem előtti időkkel. {H}ajléktalanok {M}agyarországon a 90-es években},
	number = {2},
	journal = {Belügyi Szemle},
	author = {György Mezei},
	pages={79--90},
	year = {1999},
	hyphenation={magyar}
},

@article{david_snijders,
	title = {A budapesti hajléktalanok számának becslése},
	number = {3},
	journal = {Szociológiai Szemle},
	author = {Beáta Dávid and Tom Snijders},
	year = {2000},
	pages={60--75},
	hyphenation={magyar}
},

@incollection{tauber_siebel_1991,
	author={{C. M.} Tauber and P. Siebel},
	title={Counting the {N}ation’s {H}omeless {P}opulation in the 1990 {C}ensus},
	booktitle={ Enumerating Homeless},
	editor={{C. M.} Tauber},
	year= {1991},
	hyphenation={english}
},

@incollection{berk_kriegler_ylviasker_2005,
	title={Counting the {H}omeless in {L}os {A}ngeles {C}ounty},
	booktitle = {Probability and Statistics: Essays in Honor of David A. Freedman},
	publisher = {Institute of Mathematical Statistics, UCLA},
	author = {Richard Berk and Brian Kriegler and Donald Ylvisaker},
	year = {2008},
	pages = {127–141},
	hyphenation={english}
},

@article{benyei_guraly_gyori_mezei_2000,
	title = {Tíz év után},
	number = {1},
	journal = {Esély},
	author = {Zoltán Bényei and Zoltán Gurály and Péter Győri and György Mezei},
	year = {2000},
	hyphenation={magyar}
},

@article{gyuris_molnar_szanto_1992,
	title = {Hajléktalanok. {K}érdőíves vizsgálat 1992-ben},
	number = {1},
	journal = {Család, Gyermek, Ifjúság},
	author = {Tamás Gyuris and László {Molnár} and Róbert Szántó},
	year = {1992},
	pages = {18--23},
	hyphenation={magyar}
},

@article{cordray_pion_1991,
	title = {{W}hat’s {B}ehind the volumes? {D}efinitional {I}ssues in {C}ounting {H}omeless},
	number = {2/3},
	journal = {Housing Policy Debate},
	author = {Davies S. Cordray},
	year = {1991},
	pages={587--616},
	hyphenation={english}
},

@book{gyori_guraly_pelle_grof_2006,
	author={Péter Győri and Zoltán Gurály and József Pelle and András Gróf},
	title={„{F}ebruár {H}armadika {M}unkacsoport” tájékoztatása a {B}udapesten élő hajléktalan emberek alvóhelyeik szerint a 2006. február 3-i kérdőíves adatfelvétel számai alapján},
	publisher={Bmszki},
	year= {2006},
	hyphenation={magyar}
}